<?xml version="1.0" encoding="UTF-8"?><record xmlns="http://www.loc.gov/MARC21/slim" xmlns:cinclude="http://apache.org/cocoon/include/1.0" xmlns:zs="http://www.loc.gov/zing/srw/">
  <leader>00367nz  a2200121n  4500</leader>
  <controlfield tag="001">nr 97018855 </controlfield>
  <controlfield tag="003">DLC</controlfield>
  <controlfield tag="005">19970528071301.2</controlfield>
  <controlfield tag="008">970522n| acannaab|          |n aaa     c</controlfield>
  <datafield tag="010" ind1=" " ind2=" ">
    <subfield code="a">nr 97018855 </subfield>
  </datafield>
  <datafield tag="040" ind1=" " ind2=" ">
    <subfield code="a">NN</subfield>
    <subfield code="c">NN</subfield>
  </datafield>
  <datafield tag="100" ind1="1" ind2="0">
    <subfield code="a">Sales, Francisco,</subfield>
    <subfield code="d">1956-</subfield>
  </datafield>
  <datafield tag="670" ind1=" " ind2=" ">
    <subfield code="a">EsbocĚ§os, 1995:</subfield>
    <subfield code="b">t.p. (Francisco Sales) cover flap (Francisco Sales; b. 1956 in Teresina [PiauiĚ, Brazil])</subfield>
  </datafield>
</record>